@Online{tableofvisions,
	author = {Table of Visions},
	title = {Corporate Crowdfunding Software – 100\%{} White Label},
	url = {https://tableofvisions.com/corporate-crowdfunding-software/},
	addendum = {(abgerufen am 08.07.2020)},
	keywords = {crowdfunding, corporate crowdfunding},
	year = {2020}
}

@Online{crowdfunding,
	author = {crowdfunding.de},
	title = {Wenn Firmen wie IBM und Audi ihre Mitarbeiter-Crowd einbinden - crowdfunding.de},
	url = {https://www.crowdfunding.de/magazin/corporate-crowdfunding-wie-ibm-und-audi-ihre-mitarbeiter-crowd-einbinden/},
	addendum = {(abgerufen am 08.07.2020)},
	keywords = {crowdfunding, corporate crowdfunding},
	year = {2020}
}


@Online{innosabi,
	author = {Innosabi},
	title = {Supplier Innovation und Internal Crowdfunding - innosabi},
	url = {https://innosabi.com/2017/09/28/neu-supplier-innovation-internal-crowdfunding/},
	addendum = {(abgerufen am 09.07.2020)},
	keywords = {internal crowdfunding, supplier innovation},
	year = {2020}
}

@Article{ordani,
	author = {Ordani, Andrea AND Miceli, Lucia AND Pizzetti, Marta AND Parasuraman, A Parsu},
	title = {Crowd-funding: Transforming customers into investors through innovative service platforms},
	journal = {Journal of Service Management},
	pages = {443--470},
	year = {2011},
	DOI = {http://dx.doi.org/10.1108/09564231111155079},
}

@Article{bouncken,
	author = {Bouncken, Ricarda B. AND Komorek, Malvine AND Kraus, Sascha},
	title = {Crowdfunding: The Current State Of Research},
	journal = {International Business \& Economics Research Journal (IBER)},
	pages = {407--416},
	year = {2015},
	DOI = {https://doi.org/10.19030/iber.v14i3.9206},
}

@phdthesis{moritz2015,
	author = {Alexandra Moritz},
	title = {Financing of Small and Medium-Sized Enterprises in Europe - Financing Patterns and 'Crowdfunding'},
	institution = {Universität Trier},
	year = {2015},
}

@article{Gierczak2016,
	author = {Kunz, Michael and Bretschneider, Ulrich and Haas, Philipp and Blohm, Ivo and Leimeister, Jan Marco},
	year = {2016},
	month = {01},
	pages = {7-23},
	title = {Crowdfunding: Outlining the new era of fundraising},
	journal = {Crowdfunding in Europe}
}


@Book{Danmayr2013,
  author    = {Danmayr, Florian},
  publisher = {Springer Science & Business Media},
  title     = {Archetypes of Crowdfunding Platforms - A Multidimensional Comparison},
  year      = {2013},
  address   = {Berlin Heidelberg},
  isbn      = {978-3-658-04559-3},
  groups    = {Crowdfunding},
}


@Book{Schramm2014,
  author    = {Schramm, Dana Melanie AND Carstens, Jakob},
  publisher = {Springer-Verlag},
  title     = {Startup-Crowdfunding und Crowdinvesting: Ein Guide für Gründer - Mit Kapital aus der Crowd junge Unternehmen online finanzieren},
  year      = {2014},
  address   = {Berlin Heidelberg New York},
  isbn      = {978-3-658-05926-2},
  groups    = {Crowdfunding},
}


@Book{Scholz2015,
  author    = {Scholz, Nadine},
  publisher = {Springer},
  title     = {The Relevance of Crowdfunding - The Impact on the Innovation Process of Small Entrepreneurial Firms},
  year      = {2015},
  address   = {Berlin, Heidelberg},
  isbn      = {978-3-658-09837-7},
  groups    = {Crowdfunding},
}


@Book{Bottiglia2016,
  author    = {Bottiglia, Roberto AND Pichler, Flavio},
  publisher = {Springer},
  title     = {Crowdfunding for SMEs - A European Perspective},
  year      = {2016},
  address   = {Berlin, Heidelberg},
  isbn      = {978-1-137-56021-6},
  groups    = {Crowdfunding},
}


@Book{Assenmacher2017,
  author    = {Assenmacher, Kai},
  publisher = {Springer-Verlag},
  title     = {Crowdfunding als kommunale Finanzierungsalternative -},
  year      = {2017},
  address   = {Berlin Heidelberg New York},
  isbn      = {978-3-658-17153-7},
  groups    = {Crowdfunding},
}


@Book{Himmer2019,
  author    = {Himmer, Klaus},
  publisher = {Springer-Verlag},
  title     = {Blockchain-basiertes Fundraising als innovative Alternative der Unternehmensfinanzierung - Eine steuer- und aufsichtsrechtliche Analyse},
  year      = {2019},
  address   = {Berlin Heidelberg New York},
  isbn      = {978-3-658-26816-9},
  groups    = {Crowdfunding},
}


@Book{Funk2019,
  author    = {Funk, Andrea S.},
  publisher = {Springer},
  title     = {Crowdfunding in China - A New Institutional Economics Approach},
  year      = {2019},
  address   = {Berlin, Heidelberg},
  isbn      = {978-3-319-97253-4},
  groups    = {Crowdfunding},
}


@Book{Moritz2019,
  author    = {Moritz, Alexandra AND Block, Joern H. AND Golla, Stephan AND Werner, Arndt},
  publisher = {Springer Nature},
  title     = {Contemporary Developments in Entrepreneurial Finance - An Academic and Policy Lens on the Status-Quo, Challenges and Trends},
  year      = {2019},
  address   = {Singapore},
  isbn      = {978-3-030-17612-9},
  groups    = {Crowdfunding},
}


@Book{Guenther2019,
  author    = {Günther, Elmar AND Riethmüller, Tobias},
  publisher = {Springer-Verlag},
  title     = {Einführung in das Crowdfunding - Formen, Anwendungsbereiche, Erfolgsfaktoren, rechtlicher Rahmen},
  year      = {2019},
  address   = {Berlin Heidelberg New York},
  isbn      = {978-3-658-14590-3},
  groups    = {Crowdfunding},
}



@Book{Bilgin2019,
  author    = {Bilgin, Mehmet Huseyin AND Danis, Hakan AND Demir, Ender AND Can, Ugur},
  publisher = {Springer},
  title     = {Eurasian Business Perspectives - Proceedings of the 22nd Eurasia Business and Economics Society Conference},
  year      = {2019},
  address   = {Berlin, Heidelberg},
  isbn      = {978-3-030-11872-3},
  groups    = {Crowdfunding},
}


@Book{Holst2019,
  author    = {Holst, Christian},
  publisher = {Springer-Verlag},
  title     = {Kultur in Interaktion - Co-Creation im Kultursektor},
  year      = {2019},
  address   = {Berlin Heidelberg New York},
  isbn      = {978-3-658-27260-9},
  groups    = {Crowdfunding},
}


@Book{Brüntje2015,
  author    = {Brüntje, Dennis AND Gajda, Oliver},
  publisher = {Springer},
  title     = {Crowdfunding in Europe - State of the Art in Theory and Practice},
  year      = {2015},
  address   = {Berlin, Heidelberg},
  isbn      = {978-3-319-18017-5},
  groups    = {Crowdfunding},
}


@Book{Zerfaß2009,
  author    = {Zerfaß, Ansgar AND Möslein, Kathrin M.},
  publisher = {Springer-Verlag},
  title     = {Kommunikation als Erfolgsfaktor im Innovationsmanagement - Strategien im Zeitalter der Open Innovation},
  year      = {2009},
  address   = {Berlin Heidelberg New York},
  isbn      = {978-3-834-91659-4},
  groups    = {Crowdfunding},
}

@BOOK{Sixt2014,
	AUTHOR = {Sixt, Elfriede},
	YEAR = {2014},
	TITLE = {Schwarmökonomie und Crowdfunding - Webbasierte Finanzierungssysteme im Rahmen realwirtschaftlicher Bedingungen},
	EDITION = {},
	ISBN = {978-3-658-02929-6},
	PUBLISHER = {Springer-Verlag},
	ADDRESS = {Berlin Heidelberg New York},
}

@article{Schwienbacher2010,
	author = {Schwienbacher, Armin AND Larralde, Benjamin},
	year = {2010},
	month = {09},
	pages = {},
	title = {Crowdfunding of Small Entrepreneurial Ventures},
	journal = {The Oxford Handbook of Entrepreneurial Finance},
	doi = {10.2139/ssrn.1699183}
}

@article{cumming_leboeuf_schwienbacher_2014, 
	title={Crowdfunding Models: Keep-it-All vs. All-or-Nothing}, 
	DOI={10.2139/ssrn.2447567}, 
	journal={SSRN Electronic Journal}, 
	author={Cumming, Douglas J. and Leboeuf, Gaal and Schwienbacher, Armin}, 
	year={2014}, 
	month={Jun}
}

@inproceedings{Gerber2011Crowdfunding,
  title={Crowdfunding : Why People Are Motivated to Post and Fund Projects on Crowdfunding Platforms},
  author={Elizabeth M. Gerber and Julie S. Hui and Pei-Yi Kuo},
  year={2011}
}

@BOOK{Gebert2013,
	AUTHOR = {Gebert AND Ivo AND Marco, Jan AND Karsten AND Michael AND Blohm AND Leimeister AND Wenzlaff AND Michael},
	YEAR = {2013},
	TITLE = {Crowdfunding-Studie 2013/2013 - Analyse, Perspektiven und Erfolgsfaktoren innovativer Unternehmens- und Projektfinanzierungen},
	EDITION = {},
	ISBN = {978-3-844-27325-0},
	PUBLISHER = {epubli},
	ADDRESS = {Hamburg},
}

@BOOK{Looy2015,
	AUTHOR = {Looy, Amy Van},
	YEAR = {2015},
	TITLE = {Social Media Management - Technologies and Strategies for Creating Business Value},
	EDITION = {},
	ISBN = {978-3-319-21990-5},
	PUBLISHER = {Springer},
	ADDRESS = {Berlin, Heidelberg},
}

@misc{crowdlending_survey,
	AUTHOR = {Dietrich, Prof. Dr. Andreas AND Amrein, Simon AND Heyde, Falk von der AND Heuermann, Adrian AND Rüdisühli, Manuel},
	YEAR = {2019},
	TITLE = {Crowdlending Survey 2019},
	url = {https://de.statista.com/statistik/studie/id/68947/dokument/crowdlending-markt-in-der-schweiz-2019/}
}

@BOOK{Schrecker2012,
	AUTHOR = {Schrecker, Tilman},
	YEAR = {2012},
	TITLE = {Mezzanine-Kapital im Handels- und Steuerrecht - eine Untersuchung zur Abgrenzung zwischen Eigenkapital und Fremdkapital},
	EDITION = {},
	ISBN = {978-3-428-53692-4},
	PUBLISHER = {Duncker \& Humblot},
	ADDRESS = {Berlin},
}

@article{vissers_dankbaar2002,
	author = {Vissers, Geert and Dankbaar, Ben},
	year = {2002},
	month = {03},
	pages = {31 - 42},
	title = {Creativity in Multidisciplinary New Product Development Teams},
	volume = {11},
	journal = {Creativity and Innovation Management},
	doi = {10.1111/1467-8691.00234}
}

@BOOK{wheelwright1992,
	author = {Wheelwright, S. C. AND Clark, K. B.},
	year = {1992},
	title = {Revolutionizing Product Development: Quantum Leaps in Speed, Efficiency and Quality},
	publisher = {New York: Free Press},
	edition = {},
	isbn = {},
	address = {}
}

@BOOK{schumpeter1934,
	author = {Schumpeter, Joseph A.},
	year = {1934},
	title = {The Theory of Economic Development},
	publisher = {Harvard Economic Studies},
	edition = {},
	isbn = {9780674879904},
	address = {}
}

@book{Robinson:1486035,
      author        = "Robinson, Alan and Stern, Sam",
      title         = "{Corporate Creativity: How Innovation and Improvement
                       Actually Happen}",
      publisher     = "Berrett-Koehler Publishers, Inc",
      address       = "San Francisco",
      year          = "1998",
      url           = "http://cds.cern.ch/record/1486035",
}

@article{berger2005,
author = {Berger, Christoph and Möslein, Kathrin and Piller, Frank and Reichwald, Ralf},
title = {Co-designing modes of cooperation at the customer interface: learning from exploratory research},
journal = {European Management Review},
volume = {2},
number = {1},
pages = {70-87},
keywords = {customer-centric strategy, co-design, mass customization, modes of cooperation, absorptive capacity, action research},
doi = {10.1057/palgrave.emr.1500030},
url = {https://onlinelibrary.wiley.com/doi/abs/10.1057/palgrave.emr.1500030},
eprint = {https://onlinelibrary.wiley.com/doi/pdf/10.1057/palgrave.emr.1500030},
year = {2005}
}

@article{Huff2006,
author = {Huff, Anne and Fredberg, Tobias and Frank, Dr and Piller, Frank},
year = {2006},
month = {01},
pages = {},
title = {Leading open innovation: creating centripetal innovation capacity}
}

@article{moslein2010open,
  title={Open Innovation: Grundlagen, Akteure, Werkzeuge und Wirkungsweisen},
  author={M{\"o}slein, Kathrin M},
  year={2010}
}

@ARTICLE{Hippel1978,
title = {A customer-active paradigm for industrial product idea generation},
author = {Von Hippel, Eric},
year = {1978},
journal = {Research Policy},
volume = {7},
number = {3},
pages = {240-266},
url = {https://EconPapers.repec.org/RePEc:eee:respol:v:7:y:1978:i:3:p:240-266}
}

@ARTICLE{Hippel1986,
title = {Lead Users: A Source of Novel Product Concepts},
author = {von Hippel, Eric },
year = {1986},
journal = {Management Science},
volume = {32},
number = {7},
pages = {791-805},
url = {https://EconPapers.repec.org/RePEc:inm:ormnsc:v:32:y:1986:i:7:p:791-805}
}

@BOOK{Hippel2006,
	AUTHOR = {Hippel, Eric von},
	YEAR = {2006},
	TITLE = {Democratizing Innovation - },
	EDITION = {},
	ISBN = {978-0-262-72047-2},
	PUBLISHER = {MIT Press},
	ADDRESS = {Cambridge},
}

@article{reichwald2006open,
  	title={Open innovation, Individualisierung und neue Formen der Arbeitsteilung},
  	author={Reichwald, Ralf and Piller, Frank},
  	journal={Wiesbaden: Gabler},
  	year={2006}
}

@Online{leadership_experts,
	title = {Top 50 Leadership and Management Experts},
	url = {https://www.inc.com/jeff-haden/the-top-50-leadership-and-management-experts-mon.html},
	addendum = {(abgerufen am 22.07.2020)},
	keywords = {},
	year = {2020}
}

@Online{leadership_speakers,
	title = {100 Great Leadership Speakers for Your Next Conference},
	url = {https://www.inc.com/jeff-haden/100-great-leadership-speakers-for-your-next-conference.html},
	addendum = {(abgerufen am 22.07.2020)},
	keywords = {},
	year = {2020}
}

@Article{appelo2014medium,
	title = {Try Internal Crowdfunding},
	author = {Appelo, Jurgen},
	journal = {Medium},
	year = {2014}
}

@Online{management3_internal_crowdfunding,
	title = {Management 3.0 Practices: Internal Crowdfunding - Management 3.0},
	url = {https://management30.com/practice/internal-crowdfunding/},
	addendum = {(abgerufen am 22.07.2020)},
	keywords = {Management 3.0, Crowdfunding, Internal Crowdfunding},
	year = {2020}
}

@ONLINE{vanderkam2014,
	author = {Vanderkam, Laura},
	title = {Why Encouraging Employees To Be Entrepreneurs Can Create An Incredible Place To Work},
	url = {https://www.fastcompany.com/3024888/why-encouraging-employees-to-be-entrepreneurs-can-create-an-incredible-place-to-w},
	addendum = {(abgerufen am 23.07.2020)},
	keywords = {},
	year = {2014}
}

